@book{garza_2004,
    address={Houston, TX},
    title={Creepy creatures and other cucuys},
    publisher={Piñata Books},
    author={Garza, Xavier}, 
    year={2004}
}

@book{midsummer,
  Author = {William Shakespeare},
  Title = {A Midsummer Night's Dream (Arden Shakespeare: Second Series)},
  Publisher = {Arden Shakespeare},
  Year = {1979},
  ISBN = {1903436605},
}

@Book{folktales,
 author = {Briggs, Katharine},
 title = {Folktales of England},
 publisher = {University of Chicago Press},
 year = {1965},
 address = {Chicago},
 isbn = {0226074943}
 }
 
 @Book{encyclopedia,
 author = {Bane, Theresa},
 title = {Encyclopedia of fairies in world folklore and mythology},
 publisher = {London McFarland \& Company, Inc., Publishers},
 year = {2013},
 address = {Jefferson, North Carolina},
 isbn = {9780786471119}
 }

@online{shoemaker,
        title = {The Elves and the Shoemaker: Learn English (US) with subtitles - Story for Children "BookBox.com"},
        date = {2011},
        organization = {Youtube},
        author = {Bookboxinc},
        url = {https://www.youtube.com/watch?v=AN24bU5NaVY},
    }

@misc{alux1,
    author = {Maya Institute},
    title = {(17) Alux Maya Episodio 1 - YouTube},
    url = {https://www.youtube.com/watch?v=emTwJo_XBmA},
    month = {},
    year = {},
    urldate = {2019-03-01}
}

@misc{britannica_2011, 
    title={Brownie}, url={https://www.britannica.com/topic/brownie-English-folklore},
    journal={Encyclopædia Britannica},
    publisher={Encyclopædia Britannica, inc.},
    author={Britannica, The Editors of Encyclopaedia}, 
    year={2011}, month={Nov},
    urlaccessdate = {21 mar. 2019}
    }
    

@misc{judith_2009,
	author = {Judith A. Storniolo},
	urlaccessdate = {21 mar. 2019},
	title = {Out of the Past and Into the Night},
	url = {https://www.penn.museum/sites/expedition/out-of-the-past-and-into-the-night-2/},
	year = {2009}
	}
